<record><leader>00000cas a2200000Ma 4500</leader><controlfield tag="001">11041904</controlfield><controlfield tag="008">840810d18631924nhudn ne      0    0eng d</controlfield><datafield ind1=" " ind2=" " tag="010"><subfield code="a">sn 84023816 </subfield></datafield><datafield ind1=" " ind2=" " tag="040"><subfield code="a">AQM</subfield><subfield code="b">eng</subfield><subfield code="c">AQM</subfield><subfield code="d">OCLCG</subfield><subfield code="d">OCLCQ</subfield></datafield><datafield ind1="0" ind2="0" tag="245"><subfield code="a">Daily mirror and American.</subfield></datafield><datafield ind1=" " ind2=" " tag="260"><subfield code="a">Manchester, N.H. :</subfield><subfield code="b">John B. Clarke</subfield></datafield><datafield ind1=" " ind2=" " tag="300"><subfield code="a">v. :</subfield><subfield code="b">ill. (chiefly advertisements) ;</subfield><subfield code="c">51 cm.</subfield></datafield><datafield ind1=" " ind2=" " tag="310"><subfield code="a">Daily (except Sun.)</subfield></datafield><datafield ind1="1" ind2=" " tag="362"><subfield code="a">Began with Dec. 27? 1863 issue; ceased in Dec. 1924.</subfield><subfield code="z">Cf. Amer. newspapers, 1821-1936.</subfield></datafield><datafield ind1=" " ind2=" " tag="500"><subfield code="a">Illustrated souvenir edition, Oct. 11, 1892.</subfield></datafield><datafield ind1=" " ind2=" " tag="500"><subfield code="a">Editor: J.B. Clarke, &lt;1864-1876&gt;.</subfield></datafield><datafield ind1=" " ind2=" " tag="500"><subfield code="a">Illustrations: Thoroughbred stallion Gray Eagle, July 15, 1871 (suppl.); Culver Hall, Hanover, N.H., July 29, 1871 (suppl.).</subfield></datafield><datafield ind1=" " ind2=" " tag="500"><subfield code="a">"Republican." Cf. Sketches of successful New Hampshire men, 1882.</subfield></datafield><datafield ind1=" " ind2=" " tag="580"><subfield code="a">Weekly eds.: Dollar weekly mirror and New Hampshire journal of agriculture; Mirror and farmer.</subfield></datafield><datafield ind1=" " ind2=" " tag="588"><subfield code="a">Description based on: Vol. 25, no. 115 (Jan. 16, 1864).</subfield></datafield><datafield ind1=" " ind2="7" tag="655"><subfield code="a">Newspapers.</subfield><subfield code="2">rbgenr</subfield></datafield><datafield ind1="1" ind2=" " tag="700"><subfield code="a">Clarke, John B.</subfield><subfield code="q">(John Badger),</subfield><subfield code="d">1820-1891.</subfield></datafield><datafield ind1=" " ind2=" " tag="752"><subfield code="a">United States</subfield><subfield code="b">New Hampshire</subfield><subfield code="c">Hillsboro</subfield><subfield code="d">Manchester.</subfield></datafield><datafield ind1=" " ind2=" " tag="752"><subfield code="a">United States</subfield><subfield code="b">New Hampshire</subfield><subfield code="c">Hillsborough</subfield><subfield code="d">Manchester.</subfield></datafield><datafield ind1="1" ind2=" " tag="775"><subfield code="t">Dollar weekly mirror and New Hampshire journal of agriculture</subfield><subfield code="w">(DLC)sn 84023819</subfield></datafield><datafield ind1="1" ind2=" " tag="775"><subfield code="t">Mirror and farmer</subfield><subfield code="w">(DLC)sn 84023820</subfield></datafield><datafield ind1="0" ind2="4" tag="780"><subfield code="t">Manchester daily mirror</subfield><subfield code="w">(DLC)sn 84023815</subfield></datafield><datafield ind1="0" ind2="4" tag="780"><subfield code="t">Daily Manchester American</subfield><subfield code="w">(DLC)sn 84023814</subfield></datafield><datafield ind1="1" ind2=" " tag="029"><subfield code="a">AU@</subfield><subfield code="b">000025828389</subfield></datafield></record>